2512 4696
147 178 187 230 vt
529 153 816 230 PRAEFATIO.

148 359 206 430 sed
229 331 325 429 etiam
348 356 484 427 aliorum
506 380 640 455 operum
662 378 770 438 usum,
795 375 877 447 quae
898 363 1031 447 propter
1053 345 1220 419 caritatem

149 513 265 608 majori
292 511 522 582 Botanicorum
551 508 634 607 parti
661 507 896 591 subducuntur,
935 501 1027 600 quasi
1056 517 1223 598 praestare

151 669 282 751 debeat,
305 666 367 737 hoc
389 667 496 761 ipsum
519 663 590 735 dico
613 687 693 760 opus
715 686 806 732 sunm
827 659 974 757 perderet
995 617 1153 744 indolem,
1177 655 1224 728 si·

153 821 281 918 quidem
304 820 404 891 nimia
427 821 615 889 instructum
641 816 824 888 extensione
853 809 1096 924 pauperiopibus
1125 810 1224 882 nimis

153 975 242 1046 lieret
268 982 387 1047 carum
433 971 700 1064 Quamobrem
726 994 854 1066 semper
883 965 990 1040 studui
1017 965 1052 1036 in
1080 966 1224 1063 descrip-

14 1150 18 1156 ·
153 1128 293 1200 tionibus
314 1129 447 1199 modum
470 1143 576 1199 tenere
598 1142 630 1196 et
652 1087 755 1197 certos
777 1123 911 1220 denique
935 1120 1025 1206 fines,
1046 1119 1121 1191 siet
1134 1143 1226 1193 meas

73 1280 84 1290 ’
153 1282 255 1378 ipsius
279 1240 375 1376 quam
397 1281 466 1353 lieri
487 1297 600 1377 posset
619 1280 738 1353 breves
755 1278 905 1363 lacerem,
927 1291 960 1347 et
981 1272 1119 1361 alienas,
1142 1297 1227 1370 quae

14 1415 23 1539 Ἰ
155 1435 355 1508 verbosiores
378 1433 627 1521 viderentur‚,in
648 1433 811 1530 epitomen
832 1431 1021 1525 redigerem,
1049 1430 1096 1501 ita
1117 1445 1228 1505 nmen

155 1607 189 1660 nt
212 1589 303 1676 nihil,
327 1590 415 1686 quod
438 1552 573 1683 alicujus
596 1604 680 1659 esset
701 1588 865 1674 momenti,
893 1588 1102 1658 omitteretur.
1145 1581 1227 1659 Plu

155 1745 256 1814 rimae
282 1756 390 1814 tamen
420 1742 650 1839 descriptiones
680 1719 864 1811 immutatae
893 1755 1052 1838 receptae,
1070 1753 1162 1825 suut,
1197 1737 1227 1810 si

118 1976 120 1981 ,
155 1912 211 1969 aut
232 1895 329 1983 nimis
352 1894 470 1990 longae
491 1920 558 1965 uon
580 1910 704 1980 esseut,
734 1911 790 1966 aut
812 1892 840 1964 si
862 1894 991 1966 claritas
1015 1890 1160 1990 fla'gitare'
1180 1893 1228 1965 vi·

156 2051 300 2137 deretur,
332 2062 369 2119 nt
395 2047 448 2119 rel
476 2074 515 2119 ex
537 2047 734 2144 longioribus
758 2049 837 2120 nihil
859 2051 1035 2146 ejiceretur.
1078 2053 1230 2121 &tenum

156 2203 191 2275 in
212 2204 396 2275 universnm
418 2202 475 2274 ulei
496 2203 619 2299 planta,
642 2205 683 2275 de
705 2227 768 2302 qua
791 2221 947 2300 ageretur,
970 2220 1024 2276 aut
1038 2201 1134 2300 plane
1148 2202 1229 2276 mihi

157 2358 268 2452 ignota
297 2374 351 2428 aut
379 2383 447 2427 uon
476 2358 556 2427 satis
585 2374 664 2430 uota
691 2373 792 2446 esset,
829 2375 885 2431 aut
912 2359 940 2429 si
960 2357 1134 2456 perlectam
1156 2361 1228 2454 ejus

90 2614 95 2621 ψ
159 2511 404 2608 descriptionem
428 2513 515 2611 apud
545 2529 706 2584 auctorem
734 2514 872 2610 aliquem
898 2512 1107 2601 invenissem,
1144 2513 1229 2587 hanc

159 2667 265 2762 ipsam
286 2691 344 2738 nee
365 2667 432 2738 ulla
452 2667 540 2738 facta
567 2668 741 2740 mutatione
772 2668 891 2763 recepi,
928 2669 1067 2739 auctoris
1097 2669 1228 2744 nomiae

159 2820 244 2936 intra
265 2792 669 2920 descriptionemadjecto,
692 2823 725 2895 id
739 2822 827 2918 quod
848 2823 883 2892 in
896 2821 1071 2919 Vochysiis
1094 2839 1228 2913 tautum,

159 2973 194 3045 in
219 2999 335 3069 genere
362 2974 573 3073 Peperumiae
607 2993 639 3047 et
671 2975 793 3074 passim
821 2975 855 3046 iu
883 2978 989 3073 prima
1023 2977 1127 3050 classe
1161 3006 1228 3052 uon

160 3129 223 3200 uisi
246 3155 353 3201 cuore
376 3131 554 3226 neglectum
575 3148 639 3217 est,
672 3130 726 3202 ubi
753 3147 861 3202 umen
883 3158 921 3202 er
944 3132 1228 3206 citationibus-ad-

160 3285 284 3380 sponsis
313 3284 405 3357 lacile
439 3286 662 3383 descriptionis
690 3310 816 3383 quoque
846 3303 1007 3358 auctorem
1035 3315 1228 3383 cognoscere

159 3438 273 3511 licebit.
326 3438 457 3534 Quodsi
489 3440 624 3513 aliorum
657 3439 827 3537 descriptio
857 3439 934 3511 mihi
963 3468 1027 3512 nou
1056 3444 1227 3534 sufficeret,

95 3644 102 3651 -
160 3610 214 3667 aet
240 3595 366 3667 occasio
394 3595 504 3668 oblata
532 3613 617 3669 essct
638 3595 785 3694 plantam
807 3596 946 3694 aliquam
967 3602 1024 3669 aut
1045 3600 1149 3671 vivam
1172 3618 1227 3672 aut

161 3750 306 3847 exemplo
328 3749 469 3847 perlecto
491 3750 643 3827 siccatam
663 3750 874 3840 examinandi,
896 3778 1014 3824 novam
1036 3754 1227 3827 inmedium

161 3905 238 3980 dedi
259 3905 523 4003 descriptionem,
558 3930 640 4005 qnae
669 3922 736 3981 turn
757 3909 886 4007 quidem
907 3907 996 3980 nullo
1018 3908 1143 4001 adjecto
1165 3934 1226 3980 uo·

7 4080 21 4088 ’“
160 4050 244 4132 uiue
267 4059 523 4159 deprehenditur.
