2556 4674
321 1172 843 1267 PRAEFATIO.

12 1594 18 1677 l

69 1697 183 1830 Caeli
200 1759 350 1830 aLinnd
366 1758 500 1857 Species
514 1757 699 1855 plautamm
714 1757 817 1829 editae
832 1771 854 1829 a'
867 1756 1121 1846 Willdenowio,

15 1936 18 1941 ·
65 1939 113 1983 oet
132 1933 236 1986 nmen
257 1914 380 2002 finitae,
402 1929 512 2011 utpote
532 1929 635 1984 morte
654 1914 725 2006 ejus
738 1929 941 2009 praematura
955 1930 989 1985 et
1002 1913 1119 1988 acerba

61 2069 284 2155 interminate,
308 2085 377 2138 tam
397 2067 532 2138 multum
542 2066 726 2159 ,multorum
747 2083 876 2164 tamque
898 2070 1020 2161 justum
1042 2093 1117 2142 nac·

59 2239 103 2291 tae
124 2242 196 2292 sunt
217 2223 425 2318 applausum,
447 2239 483 2292 ut
503 2208 708 2318 Bililiopola,
731 2221 786 2318 qui
807 2221 1040 2318 imprimendas
1062 2248 1118 2296 cas
1267 2248 1272 2262 ·

60 2395 251 2474 aucupem,
289 2381 357 2471 jam
387 2376 518 2447 dudum
531 2380 663 2472 plenam
684 2377 819 2446 reddere
841 2375 923 2448 hanc
945 2377 1117 2449 editionem

13 2488 16 2503 Ι
59 2533 86 2600 ‘m
115 2534 221 2600 animo
255 2531 396 2601 haberet.
442 2528 550 2622 Quem
584 2531 756 2624 quidem
745 2557 779 2601 m
812 2530 909 2601 finem
938 2533 987 2602 vir
1016 2531 1116 2603 celeb.

11 2606 16 2771 l
59 2685 136 2755 link
156 2694 275 2781 fungos
299 2686 439 2755 minores
460 2686 527 2778 jam
549 2686 766 2780 pertractavit,
789 2701 822 2755 et
842 2684 941 2756 celeb.
964 2684 1116 2758 Schwac·
1153 2761 1156 2765 ,

57 2841 175 2931 ςήὼεα
198 2863 327 2911 muscos
350 2839 478 2934 incepit,
501 2863 581 2933 quos
604 2839 845 2910 absolutum·
807 2866 846 2909 m
866 2840 902 2909 in
924 2838 991 2910 dies
1006 2864 1115 2935 spera·
1211 2795 1222 2810 l

57 3021 129 3065 mas.
173 2996 220 3064 Et
248 2996 279 3064 si
308 2994 384 3089 quid
414 2996 512 3064 etiam
543 2994 748 3080 diffideretur,
784 3017 851 3063 non
879 2994 1028 3081 deerunt,
1062 2994 1115 3089 qui

58 3175 144 3243 quam
166 3151 308 3246 pn‘mum
330 3148 517 3243 suscipiant.

133 3468 174 3535 Δῑ
197 3483 279 3531 vero
300 3458 353 3529 vel
383 3458 521 3554 primum
547 3460 655 3555 operis
685 3458 850 3543 volumen,
884 3455 1113 3526 Monandriam

10 3666 12 3687 2
54 3633 81 3686 et
105 3615 316 3687 'l'n'andriam
346 3614 513 3686 continens
542 3613 680 3699 classes,
721 3611 935 3709 compluribus
962 3613 1031 3705 jam
1058 3611 1114 3681 ab·

56 3768 119 3841 linc
138 3774 233 3844 annis
258 3770 458 3841 diuenditum
479 3786 536 3857 est,
560 3793 655 3867 quam
678 3770 720 3840 ob
741 3795 811 3838 rem
832 3789 919 3837 nova
939 3763 1034 3858 hujus
1056 3787 1114 3833 vo·

52 3921 169 3999 luminis
191 3927 291 4000 editio
316 3942 387 3995 erat
407 3924 611 3996 instituenda.
653 3922 859 4019 Bibliopola,
893 3920 942 3992 vir
964 3919 1114 4015 optimus,

52 4080 120 4152 nihi
139 4082 199 4156 hoc
223 4083 361 4182 quidem
384 4080 495 4154 detulit
515 4082 688 4175 negotium,
710 4107 770 4154 nec
791 4096 898 4154 tamen
918 4098 989 4171 ego,
1011 4069 1115 4166 utqui
