2512 4696
432 151 732 225 PRAEFATIO.
751 148 754 153 ⁴
1000 263 1003 271 Ι
1086 174 1141 229 α’

56 352 239 439 Blnmii*);
277 376 377 446 quum
406 374 483 427 vero
512 373 610 446 opera
635 350 701 421 ista
728 358 869 421 ctescere
896 353 1043 430 nondum¹
1067 355 1122 428 de·

60 510 170 594 sinist,
192 505 364 600 complura
386 505 482 576 etiam
504 520 596 577 enmt
617 530 656 575 ex
677 504 718 581 iis
740 504 924 600 repetendae

414 698 425 733 p
1070 722 1074 729 Ι
1133 664 1140 705 l

133 816 332 888 Plantamm
352 837 420 884 non
441 805 675 912 descriptarum
699 834 755 884 eas
777 813 980 886 solummodo
999 818 1118 914 'recepi
1190 886 1195 903 ‚

59 998 129 1070 quas
151 996 210 1044 suo
231 988 378 1066 tempore
399 970 435 1041 iu
456 968 549 1041 horto
569 969 722 1042 botanico
743 969 893 1042 lloreutes
912 960 1116 1069 deprehendi.

138 1280 313 1352 Panaca
334 1278 530 1350 monendum
550 1278 653 1350 adhuc
674 1294 735 1366 est,
755 1304 808 1351 me
822 1278 904 1351 bene
918 1282 1052 1368 cavisse,-
1074 1307 1116 1353 ue

57 1452 108 1507 aut
125 1436 301 1532 specierum
322 1459 489 1503 numerum
509 1432 605 1503 nimis
619 1422 778 1528 augerim,
801 1451 866 1538 ant,
889 1434 974 1529 quod
988 1434 1115 1529 gravius

58 1590 193 1677 videtur,
224 1616 264 1660 ue
296 1588 377 1684 quid
405 1603 522 1658 temere
549 1585 677 1684 plantas
703 1557 946 1675 confunderem,
982 1589 1048 1665 nisi
1074 1589 1116 1662 de

64 1767 184 1838 quarum
203 1744 369 1815 identitate
392 1742 500 1836 utique
521 1764 629 1811 essem
650 1765 832 1837 persuasus.
869 1743 938 1842 Ubi
959 1742 1010 1813 vel
1031 1743 1115 1814 ullus

54 1896 232 1968 dubitetiom'
265 1898 358 1967 lucus
394 1866 646 1989 mlinepueretm,'
677 1919 827 1990 separare
859 1896 986 1994 plantas
1018 1885 1114 1995 quam

54 2051 238 2125 mufundere
254 2051 368 2137 malui,
391 2046 549 2144 siquidem
566 2046 670 2118 minus
689 2063 739 2118 est
752 2049 957 2135 incommodi,
978 2051 1112 2123 eandem
1207 2005 1211 2019 ·

53 2205 192 2303 plantam
210 2205 262 2276 bis
284 2201 437 2302 proponi,
459 2225 555 2297 quam
577 2199 720 2274 diversas
741 2202 824 2281 inter
845 2229 881 2277 se
903 2206 1064 2304 conjungi

131 2515 210 2584 Jam
237 2539 316 2583 vero
345 2511 401 2583 ubi
430 2526 531 2580 totum
561 2535 643 2606 opus
672 2537 711 2581 ex
736 2512 799 2583 fine
827 2514 939 2584 iterum
972 2516 1111 2610 respicio

52 2685 142 2763 atque
165 2669 266 2739 oculis
281 2654 381 2762 'qnasi
404 2666 521 2751 lustro,
545 2666 614 2760 ipso
636 2666 716 2735 benc
740 2669 857 2754 sentio,
883 2671 985 2740 multa
1007 2670 1108 2758 aliter,

51 2823 144 2891 multa
165 2822 304 2892 fortasse
327 2820 439 2889 melius
463 2819 583 2889 institui
605 2820 767 2916 potuisse;
796 2824 852 2892 sed
874 2824 941 2893 fieri
963 2848 1028 2894 non
1049 2849 1109 2920 po·

50 2994 126 3062 test,
155 2977 233 3072 quin
256 2992 367 3045 auctor
389 3002 426 3044 ux
448 2975 518 3069 ipso
542 2975 668 3043 demum
691 2999 802 3068 opere,
827 2978 903 3071 quid
926 2980 993 3071 ejus
1016 3003 1106 3049 man-

47 3158 114 3201 eum
136 3131 178 3199 sit
201 3146 295 3225 atquc
318 3126 547 3223 imperfectum,
576 3144 757 3220 cognoscat,
780 3129 887 3225 itaquo
911 3133 1001 3217 sciat,
1026 3155 1107 3225 quos

49 3285 252 3381 imposterum
281 3284 381 3352 vitare
410 3281 524 3351 debeat
546 3306 682 3350 errores.
727 3283 782 3357 sic
804 3310 864 3379 ego
888 3309 1013 3380 quoque
1035 3285 1108 3357 huic

52 3442 175 3510 maxime
195 3437 347 3508 volumini
362 3437 591 3506 Botanicorum
613 3436 772 3530 imprecor
794 3439 918 3508 veniam
941 3456 1036 3534 atque
1058 3439 1107 3509 in·

47 3593 254 3688 dulgentiam,
287 3591 355 3661 lore
384 3613 533 3685 sperans,
567 3605 602 3660 ut
624 3613 705 3684 quae
727 3616 802 3660 mox
825 3609 994 3687 sequentur
1016 3593 1108 3666 volu·

83 3974 164 4039 ¹)1u
187 3988 290 4046 genere
311 3969 495 4042 Peperomiae
520 3966 630 4024 Blumii
656 3984 744 4041 opere
767 3969 811 4025 uti
834 3969 908 4026 mihi
931 3986 992 4026 non
1014 3967 1107 4036 licuit,

129 4078 159 4133 id
177 4078 257 4154 quod
276 4078 308 4132 in
325 4076 426 4150 Pipere
444 4086 542 4132 tamen
560 4076 666 4132 lactum
684 4085 736 4132 est.
